@book{Dubrovina2010,
    title = {Прикладная математика},
    author = {Дубровина, О.В. and Прихач, Н.К. and Романчак, В.М.},
    year = {2010},
    publisher={БНТУ},
    loaction = {Минск},
    language = {russian}
}

@book{Stepanova2014,
    title = {Основы обработки результатов измерений},
    subtitle = {учеб. пособие},
    author={Степанова, Е. А. and Скулкина, Н. А. and Волегов, А. С.},
    editor = {Степановой, Е. А.},
    publisher = {Изд-во Урал. ун-т},
    location = {Екатеринбург},
    year = {2014},
    pagetotal = {95},
    language = {russian},
    isbn = {978-5-7996-1331-0}
}

@book{Plis2003,
  title     = {Mathcad. Математический практикум для инженеров и экономистов},
  subtitle = {учеб. пособие},
  author    = {Плис, А.И. and Сливина, Н.А.},
  year      = {2003},
  location  = {М.},
  edition = {2-е изд., перераб. и доп.},
  publisher = {Финансы и статистика},
  pagetotal = {656 с.: ил},
  language  = {russian}
}

@book{Krestlev2010,
    title = {MathCAD в математической физике Ч.1},
    subtitle = {учеб. пособие},
    author = {Крестелев, А.И.},
    year = {2010},
    location = {Самара},
    publisher = {Изд-во Самар. гос. техн. ун-та},
    pagetotal = {58 с.: ил},
    language = {russian}
}

@book{Ochkov2016,
    title = {Физико-математические этюды с Mathcad и Интернет},
    subtitle = {учеб. пособие},
    author = {Очков, В. Ф. and  Богомолова, Е. П. and Иванов, Д. А.},
    year = {2016},
    location = {СПб.},
    publisher = {Изд-во «Лань»},
    pagetotal = {388 с.: ил},
    series = {Учебники для вузов. Специальная литература},
    language = {russian},
}

@manual{MathCADshortcuts,
    title = {PTC Mathcad Prime Keyboard Shortcuts 7.0.0.0},
    year = {2021},
    location = { Boston},
    pagetotal = {14},
    publisher = {PTC Inc.},
    language = {english},
    url = {https://community.ptc.com/sejnu66972/attachments/sejnu66972/PTCMathcad/194979/3/PTC%20Mathcad%20Prime%207.0%20Keyboard%20Shortcuts.pdf}
}